%% REFERENCES, DIVIDED BY ENERGY/STATISTICS, AND BOOKS/ARTICLES

%%%%%%%%%%%%%%%%%%%%%%%%%%%%
%                                                                                                        %
%                          ENERGY REFERENCES                                   %
%                                                                                                        %
%%%%%%%%%%%%%%%%%%%%%%%%%%%%

% ARTICLES

@article{imam2017,
  title={{The building performance gap: Are modellers literate?}},
  author={Imam, Salah and Coley, David A and Walker, Ian},
  journal={Building Services Engineering Research and Technology},
  volume={38},
  number={3},
  pages={351--375},
  year={2017},
  publisher={Sage Publications Sage UK: London, England}
}


@article{royapoor2018,
  title={A review of building climate and plant controls, and a survey of industry perspectives},
  author={Royapoor, Mohammad and Antony, Anu and Roskilly, Tony},
  journal={Energy and Buildings},
  volume={158},
  pages={453--465},
  year={2018},
  publisher={Elsevier}
}


@article{ashrae2002,
  title={{Guideline 14-2002: Measurement of Energy and Demand Savings}},
  author={ASHRAE},
  journal={ASHRAE, Atlanta},
  year={2002}
}

%4
@article{royapoor2015,
  title={Building model calibration using energy and environmental data},
  author={Royapoor, Mohammad and Roskilly, Tony},
  journal={Energy and buildings},
  volume={94},
  pages={109--120},
  year={2015},
  publisher={Elsevier}
}

%5
@article{hou2021,
  title={{Review on building energy model calibration by Bayesian inference}},
  author={Hou, Danlin and Hassan, IG and Wang, L},
  journal={Renewable and Sustainable Energy Reviews},
  volume={143},
  pages={110930},
  year={2021},
  publisher={Elsevier},
  doi ={10.1016/j.rser.2021.110930}
}

@article{daly2014,
  title={{Understanding the risks and uncertainties introduced by common assumptions in energy simulations for Australian commercial buildings}},
  author={Daly, Daniel and Cooper, Paul and Ma, Zhenjun},
  journal={Energy and Buildings},
  volume={75},
  pages={382--393},
  year={2014},
  doi={10.1016/j.enbuild.2014.02.028},
  publisher={Elsevier}
}

@article{rasooli2016,
  title={{A response factor-based method for the rapid in-situ determination of wall’s thermal resistance in existing buildings}},
  author={Rasooli, Arash and Itard, Laure and Ferreira, Carlos Infante},
  journal={Energy and Buildings},
  volume={119},
  pages={51--61},
  year={2016},
  doi={10.1016/j.enbuild.2016.03.009},
  publisher={Elsevier}
}

@article{deconinck2016,
  title={{Comparison of characterisation methods determining the thermal resistance of building components from onsite measurements}},
  author={Deconinck, An-Heleen and Roels, Staf},
  journal={Energy and Buildings},
  volume={130},
  pages={309--320},
  year={2016},
  doi={10.1016/j.enbuild.2016.08.061},
  publisher={Elsevier}
}

%9
@article{meng2015,
  title={{Factors affecting the in situ measurement accuracy of the wall heat transfer coefficient using the heat flow meter method}},
  author={Meng, Xi and Yan, Biao and Gao, Yanna and Wang, Jun and Zhang, Wei and Long, Enshen},
  journal={Energy and Buildings},
  volume={86},
  pages={754--765},
  year={2015},
  doi={10.1016/j.enbuild.2014.11.005},
  publisher={Elsevier}
}

@article{ficco2015,
  title={{U-value in situ measurement for energy diagnosis of existing buildings}},
  author={Ficco, Giorgio and Iannetta, Fabio and Ianniello, Elvira and Alfano, Francesca Romana d’Ambrosio and Dell’Isola, Marco},
  journal={Energy and Buildings},
  volume={104},
  pages={108--121},
  year={2015},
  doi={10.1016/j.enbuild.2015.06.071},
  publisher={Elsevier}
}

@article{gaspar2016,
  title={{A comparison of standardized calculation methods for in situ measurements of fa{\c{c}}ades U-value}},
  author={Gaspar, Katia and Casals, Miquel and Gangolells, Marta},
  journal={Energy and Buildings},
  volume={130},
  pages={592--599},
  year={2016},
  doi={10.1016/j.enbuild.2016.08.072},
  publisher={Elsevier}
}

@article{desogus2011,
  title={{Comparing different approaches to in situ measurement of building components thermal resistance}},
  author={Desogus, Giuseppe and Mura, Salvatore and Ricciu, Roberto},
  journal={Energy and Buildings},
  volume={43},
  number={10},
  pages={2613--2620},
  year={2011},
  doi={10.1016/j.enbuild.2011.05.025},
  publisher={Elsevier}
}

@article{hoffmann2017,
  title={{The prebound-effect in detail: real indoor temperatures in basements and measured versus calculated U-values}},
  author={Hoffmann, Caroline and Geissler, Achim},
  journal={Energy Procedia},
  volume={122},
  pages={32--37},
  year={2017},
  doi={10.1016/j.egypro.2017.07.301},
  publisher={Elsevier}
}

@article{marshall2017,
  title={{Domestic building fabric performance: Closing the gap between the in situ measured and modelled performance}},
  author={Marshall, A and Fitton, R and Swan, W and Farmer, D and Johnston, D and Benjaber, M and Ji, Y},
  journal={Energy and Buildings},
  volume={150},
  pages={307--317},
  year={2017},
  doi={10.1016/j.enbuild.2017.06.028},
  publisher={Elsevier}
}

@article{baker2011,
  title={{U-values and traditional buildings}},
  author={Baker, Paul},
  journal={Historic Scotland Conservation Group: Glasgow, UK},
  year={2011}
}

@article{yassaghi2019,
  title={{Evaluation of current and future hourly weather data intended for building designs: A Philadelphia case study}},
  author={Yassaghi, Hamed and Mostafavi, Nariman and Hoque, Simi},
  journal={Energy and Buildings},
  volume={199},
  pages={491--511},
  year={2019},
  doi={10.1016/j.enbuild.2019.07.016},
  publisher={Elsevier}
}

@article{hong2016,
  title={{Advances in research and applications of energy-related occupant behavior in buildings}},
  author={Hong, Tianzhen and Taylor-Lange, Sarah C and D’Oca, Simona and Yan, Da and Corgnati, Stefano P},
  journal={Energy and buildings},
  volume={116},
  pages={694--702},
  year={2016},
  doi={10.1016/j.enbuild.2015.11.052},
  publisher={Elsevier}
}

@article{tian2018,
  title={{A review of uncertainty analysis in building energy assessment}},
  author={Tian, Wei and Heo, Yeonsook and De Wilde, Pieter and Li, Zhanyong and Yan, Da and Park, Cheol Soo and Feng, Xiaohang and Augenbroe, Godfried},
  journal={Renewable and Sustainable Energy Reviews},
  volume={93},
  pages={285--301},
  year={2018},
  doi={10.1016/j.rser.2018.05.029},
  publisher={Elsevier}
}


@article{kragh2017,
  title={{Possible explanations for the gap between calculated and measured energy consumption of new houses}},
  author={Kragh, Jesper and Rose, J{\o}rgen and Knudsen, Henrik N and Jensen, Ole Michael},
  journal={Energy Procedia},
  volume={132},
  pages={69--74},
  year={2017},
  doi={10.1016/j.egypro.2017.09.638},
  publisher={Elsevier}
}
















%%%%%%%%%%%%%%%%%%%%%%%%%%%%
%                                                                                                        %
%                       STATISTICS REFERENCES                                %
%                                                                                                        %
%%%%%%%%%%%%%%%%%%%%%%%%%%%%


% 6
@inproceedings{goldstein2017,
author={Goldstein, Michael and Huntley, Nathan},
editor={Ghanem, Roger and Higdon, David and Owhadi, Houman},
title={{Bayes Linear Emulation, History Matching, and Forecasting for Complex Computer Simulators}},
booktitle={{Handbook of Uncertainty Quantification}},
year={2017},
publisher={Springer International Publishing},
pages={9--32},
doi={10.1007/978-3-319-12385-1\_14}
}

@article{kennedy2001,
  author = {Kennedy, Marc C. and O'Hagan, Anthony},
  title = {{Bayesian Calibration of Computer Models}},
  journal = {Journal of the Royal Statistical Society: Series B},
  volume = {63},
  number = 3,
  year = 2001,
  pages = {425--464}
}

@article{ohagan2006tutorial,
  title={{Bayesian analysis of computer code outputs: A tutorial}},
  author={O’Hagan, Anthony},
  journal={Reliability Engineering \& System Safety},
  volume={91},
  number={10-11},
  pages={1290--1300},
  year={2006},
  publisher={Elsevier}
}

@article{craig2001,
  title = {{Bayesian Forecasting for Complex Systems Using Computer Simulators}},
  author = {Craig, Peter S and Goldstein, Michael and Rougier, Jonathan C and Seheult, Allan H},
  journal = {Journal of the American Statistical Association},
  volume = {96},
  number = {454},
  pages = {717--729},
  year = {2001},
  publisher = {Taylor \& Francis}
}

% 12
@article{andrianakis2015,
  title={{Bayesian history matching of complex infectious disease models using emulation: a tutorial and a case study on HIV in Uganda}},
  author={Andrianakis, Ioannis and Vernon, Ian R and McCreesh, Nicky and McKinley, Trevelyan J and Oakley, Jeremy E and Nsubuga, Rebecca N and Goldstein, Michael and White, Richard G},
  journal={PLoS computational biology},
  volume={11},
  number={1},
  pages={e1003968},
  year={2015},
  publisher={Public Library of Science San Francisco, USA}
}

%13
@inproceedings{craig1997,
  title={{Pressure matching for hydrocarbon reservoirs: a case study in the use of Bayes linear strategies for large computer experiments}},
  author={Craig, Peter S and Goldstein, Michael and Seheult, Allan H and Smith, James A},
  booktitle={Case Studies in Bayesian Statistics},
  series={Lecture notes in statistics},
  volume={121},
  pages={37--93},
  year={1997},
  organization={Springer},
  doi={10.1007/978-1-4612-2290-3\_2}
}

% 31
@book{BLS2007,
title = {{Bayes Linear Statistics: Theory and Methods}},
author = {Michal Goldstein and David Wooff},
publisher = {John Wiley \& Sons},
year = 2007,
series = {Wiley Series in Probability and Statistics},
}

% 32
@book{Rasmussen,
Author="Rasmussen, Carl Edward and Williams, Christopher K.I.",
Title="Gaussian {P}rocesses for {M}achine {L}earning",
Publisher="The MIT Press",
Year="2006",
Address="Massachusetts Institute of Technology"
}

 % 33
@article{3sigma,
  title={The three sigma rule},
  author={Pukelsheim, Friedrich},
  journal={The American Statistician},
  volume={48},
  number={2},
  pages={88--91},
  year={1994},
  doi = {10.2307/2684253},
  publisher={Taylor \& Francis}
}

% 36
@article{loeppky2009,
  title={{Choosing the Sample Size of a Computer Experiment: A Practical Guide}},
  author={Loeppky, Jason L and Sacks, Jerome and Welch, William J},
  journal={Technometrics},
  volume={51},
  number={4},
  pages={366--376},
  year={2009},
  doi={10.1198/TECH.2009.08040},
  publisher={Taylor \& Francis}
}

% 38
@article{pope2021,
  title={{Gaussian Process Modeling of Heterogeneity and Discontinuities Using Voronoi Tessellations}},
  author={Pope, Christopher A and Gosling, John Paul and Barber, Stuart and Johnson, Jill S and Yamaguchi, Takanobu and Feingold, Graham and Blackwell, Paul G},
  journal={Technometrics},
  volume={63},
  number={1},
  pages={53--63},
  year={2021},
  doi={10.1080/00401706.2019.1692696},
  publisher={Taylor \& Francis}
}

% 39
@article{mckay2000,
author = { M. D.  Mckay  and  R. J.  Beckman  and  W. J.  Conover},
title = {{A Comparison of Three Methods for Selecting Values of Input Variables in the Analysis of Output From a Computer Code}},
journal = {Technometrics},
volume = {42},
number = {1},
pages = {55-61},
year  = {2000},
publisher = {Taylor & Francis},
doi = {10.1080/00401706.2000.10485979}
}

% 40
@article{cumming2009,
  title={{Small Sample Bayesian Designs for Complex High-Dimensional Models Based on Information Gained Using Fast Approximations}},
  author={Cumming, Jonathan A and Goldstein, Michael},
  journal={Technometrics},
  volume={51},
  number={4},
  pages={377--388},
  year={2009},
  doi={10.1198/TECH.2009.08015},
  publisher={Taylor \& Francis}
}

% 42
@article{conti2009,
  title={Gaussian process emulation of dynamic computer codes},
  author={Conti, Stefano and Gosling, John Paul and Oakley, Jeremy E and O'Hagan, Anthony},
  journal={Biometrika},
  volume={96},
  number={3},
  pages={663--676},
  year={2009},
  doi={10.1093/biomet/asp028},
  publisher={Oxford University Press}
}

%%%%%%%%%%%%%%%%%%%%%%%%%%%%
%                                                                                                        %
%                     APPLICATION REFERENCES                              %
%                                                                                                        %
%%%%%%%%%%%%%%%%%%%%%%%%%%%%

@article{edwards2021,
  title={{Projected land ice contributions to twenty-first-century sea level rise}},
  author={Edwards, Tamsin L and Nowicki, Sophie and Marzeion, Ben and Hock, Regine and Goelzer, Heiko and Seroussi, H{\'e}l{\`e}ne and others},
  journal={Nature},
  volume={593},
  number={7857},
  pages={74--82},
  year={2021},
  publisher={Nature publishing group}
}

@article{wilson2018,
  title={{Quantifying uncertainty in wholesale electricity price projections using Bayesian emulation of a generation investment model}},
  author={ Wilson, A. L. and Dent, C. J. and Goldstein, M.},
  journal={Sustainable Energy, Grids and Networks},
  volume={13},
  pages={42--55},
  year={2018},
  publisher={Elsevier}
}

% 14
@article{vernon2010galaxy,
  title={{Galaxy formation: a Bayesian uncertainty analysis}},
  author={Vernon, Ian and Goldstein, Michael and Bower, Richard G.},
  journal={Bayesian analysis},
  volume={5},
  number={4},
  pages={619--669},
  year={2010},
  doi = {10.1214/10-BA524},
  publisher={International Society for Bayesian Analysis}
}

@article{domingo2020,
  title={{Using ice cores and Gaussian process emulation to recover changes in the Greenland ice sheet during the last interglacial}},
  author={Domingo, Dario and Malmierca-Vallet, Irene and Sime, Louise and Voss, Jochen and Capron, Emilie},
  journal={Journal of Geophysical Research: Earth Surface},
  volume={125},
  number={5},
  year={2020},
  doi={10.1029/2019JF005237},
  publisher={Wiley Online Library}
}


@article{vernon2018gene,
  title={{Bayesian uncertainty analysis for complex systems biology models: emulation, global parameter searches and evaluation of gene functions}},
  author={Vernon, Ian and Liu, Junli and Goldstein, Michael and Rowe, James and Topping, Jen and Lindsey, Keith},
  journal={BMC systems biology},
  volume={12},
  number={1},
  pages={1--29},
  year={2018},
  publisher={BioMed Central}
}

%30
@article{coveney2018,
  title={{Fitting two human atrial cell models to experimental data using Bayesian history matching}},
  author={Coveney, Sam and Clayton, Richard H},
  journal={Progress in biophysics and molecular biology},
  volume={139},
  pages={43--58},
  year={2018},
  doi={10.1016/j.pbiomolbio.2018.08.001},
  publisher={Elsevier}
}

% 37
@article{lord2017,
  title={{Emulation of long-term changes in global climate: application to the late Pliocene and future}},
  author={Lord, Natalie S and Crucifix, Michel and Lunt, Dan J and Thorne, Mike C and Bounceur, Nabila and Dowsett, Harry and O'Brien, Charlotte L and Ridgwell, Andy},
  journal={Climate of the Past},
  volume={13},
  number={11},
  pages={1539--1571},
  year={2017},
  doi={10.5194/cp-13-1539-2017},
  publisher={Copernicus GmbH}
}

% 41 
@article{harvey2018,
  title={{Multi-level emulation of a volcanic ash transport and dispersion model to quantify sensitivity to uncertain parameters}},
  author={Harvey, Natalie J and Huntley, Nathan and Dacre, Helen F and Goldstein, Michael and Thomson, David and Webster, Helen},
  journal={Natural hazards and earth system sciences},
  volume={18},
  number={1},
  pages={41--63},
  year={2018},
  doi={10.5194/nhess-18-41-2018},
  publisher={Copernicus GmbH}
}

% 43
@inproceedings{cumming2010,
  title={{Bayes Linear Uncertainty Analysis for Oil Reservoirs Based on Multiscale Computer Experiments}},
  author={Cumming, Jonathan A and Goldstein, Michael},
  editor = {O’Hagan, Anthony and West, Mike},
  booktitle={The Oxford Handbook of Applied Bayesian Analysis},
  pages={241--270},
  year={2010},
  publisher={Oxford University Press Oxford}
}

@Manual{hmer,
  title = {hmer: History Matching and Emulation Package},
  author = {Iskauskas, Andrew},
  year = {2022},
  url = {https://CRAN.R-project.org/package=hmer}
}




























@article{Williamson2013,
    volume = {41},
    number = {7-8},
    month = {October},
    author = {Daniel Williamson and Michael Goldstein and Lesley Allison and Adam Blaker and Peter Challenor and Laura Jackson and Kuniko Yamazaki},
    title = {{History matching for exploring and reducing climate model parameter space using observations and a large perturbed physics ensemble}},
    journal = {Climate Dynamics},
    pages = {1703--1729},
    year = {2013}
}






@article{Goldstein2006,
  title={{Bayes Linear Calibrated Prediction for Complex Systems}},
  author={Goldstein, Michael and Rougier, Jonathan},
  journal={Journal of the American Statistical Association},
  volume={101},
  number={475},
  pages={1132--1143},
  year={2006},
  publisher={Taylor \& Francis}
}


@article{Johnson2011,
  title={{Gaussian process emulation for second-order Monte Carlo simulations}},
  author={Johnson, JS and Gosling, JP and Kennedy, MC},
  journal={Journal of Statistical Planning and Inference},
  volume={141},
  number={5},
  pages={1838--1848},
  year={2011},
  publisher={Elsevier}
}



@article{Currin1991,
author = {Carla  Currin  and  Toby  Mitchell  and  Max  Morris  and  Don  Ylvisaker},
title = {{Bayesian Prediction of Deterministic Functions, with Applications to the Design and Analysis of Computer Experiments}},
journal = {Journal of the American Statistical Association},
volume = {86},
number = {416},
pages = {953-963},
year  = {1991},
publisher = {Taylor & Francis},
doi = {10.1080/01621459.1991.10475138}
}

@book{Santner2003,
author = {Thomas J. Santner and Brian J. Williams and William I. Notz},
title = {{The Design and Analysis of Computer Experiments}},
year  = {2003},
series = {Springer Series in Statistics},
publisher = {Springer}
}

@article{Goldstein2004,
  title={{Probabilistic Formulations for Transferring Inferences from Mathematical Models to Physical Systems}},
  author={Goldstein, Michael and Rougier, Jonathan},
  journal={SIAM journal on scientific computing},
  volume={26},
  number={2},
  pages={467--487},
  year={2004},
  publisher={SIAM}
}


@article{ChangGuillas2019,
  title={Computer model calibration with large non-stationary spatial outputs: application to the calibration of a climate model},
  author={Chang, Kai-Lan and Guillas, Serge},
  journal={Journal of the Royal Statistical Society: Series C (Applied Statistics)},
  volume={68},
  number={1},
  pages={51--78},
  year={2019},
  publisher={Wiley Online Library}
}








@inproceedings{Cheng2000,
 author = {Cheng, Jian and Druzdzel, Marek J.},
 title = {{Computational Investigation of Low-discrepancy Sequences in Simulation Algorithms for Bayesian Networks}},
 booktitle = {Proceedings of the Sixteenth Conference on Uncertainty in Artificial Intelligence},
 series = {UAI'00},
 year = {2000},
 isbn = {1-55860-709-9},
 location = {Stanford, California},
 pages = {72--81},
 numpages = {10},
 url = {http://dl.acm.org/citation.cfm?id=2073946.2073956},
 acmid = {2073956},
 publisher = {Morgan Kaufmann Publishers Inc.},
 address = {San Francisco, CA, USA},
} 

@article{Halton1997,
  author = {Kocis, Ladislav and Whiten, William J.},
  title = {Computational Investigations of Low-discrepancy
		  Sequences},
  journal = {ACM Transactions on Mathematical Software},
  year = 1997,
  volume = 23,
  number = 2,
  pages = {266--294},
  doi = {10.1145/264029.264064},
}


@Article{Andrianakis2012,
  author = {Andrianakis, Ioannis and Challenor, Peter G.},
  title = {{The Effect of the Nugget on Gaussian Process Emulators of Computer Models}},
  journal = {Computational Statistics and Data Analytics},
  year = {2012},
  month = {April},
  pages = {4215-4228}
}




@Article{Berger2001,
Author="James O.~Berger and Victor de Oliveira and Bruno Sanso",
Title="Bayesian {A}nalysis of {S}patially {C}orrelated {D}ata",
Journal="Journal of the American Statistical Association",
Volume="26",
Year="2001",
Month="December",
Pages="1361-1374",
Number="456"
}


@article{Sacks1989,
  title = {{Design and Analysis of Computer Experiments}},
  author = {Sacks, Jerome and Welch, William J and Mitchell, Toby J and Wynn, Henry P},
  journal = {Statistical science},
  pages = {409--423},
  volume = {4},
  number = {4},
  year = {1989},
  publisher = {JSTOR}
}




@article{Salter2019,
author = {James M. Salter and Daniel B. Williamson and John Scinocca and Viatcheslav Kharin},
title = {{Uncertainty Quantification for Computer Models With Spatial Output Using Calibration-Optimal Bases}},
journal = {Journal of the American Statistical Association},
volume = {0},
pages = {1--15},
year  = {2019},
publisher = {Taylor \& Francis},
doi = {10.1080/01621459.2018.1514306},
URL = { https://doi.org/10.1080/01621459.2018.1514306}
}



@Article{OHagan1978,
Author = {A.~O'Hagan},
Title = {{Curve Fitting and Optimal Design for Prediction}},
Journal = {Journal of the Royal Statistical Society},
Year = {1978},
Number = {1},
Volume = {40},
Pages = {1-42},
Series = {Seris B (Methodological)}
}


@Article{Wilkinson,
Author="N.~Bonceur and M.~Crucifix and R.D.~Wilkinson",
Title="Global {S}ensitivity {A}nalysis of the {C}limate-{V}egetetion {S}ystem to {A}stronomical {F}orcing: an {E}mulator-{B}ased {A}pproach",
Journal="Earth System Dynamics",
Year="2015",
Volume="6",
Pages="205-224"
}




@article{Tran2016,
  title={{Building a traceable climate model hierarchy with multi-level emulators}},
  author={Tran, Giang T and Oliver, Kevin IC and S{\'o}bester, Andr{\'a}s and Toal, David JJ and Holden, Philip B and Marsh, Robert and Challenor, Peter and Edwards, Neil R},
  journal={Advances in Statistical Climatology, Meteorology and Oceanography},
  volume={2},
  number={1},
  pages={17--37},
  year={2016}
}






@Article{Bastos2009,
  author = {Bastos, Leonardo S. and O'Hagan, Anthony},
  title = {{Diagnostic for Gaussian Process Emulators}},
  journal = {Technometrics},
  year = {2009},
  volume = {51},
  issue = {4},
  pages = {425--438}
}

@article{OakleyOHagan2002,
 title = {{Bayesian Inference for the Uncertainty Distribution of Computer Model Outputs}},
 author = {Jeremy Oakley and Anthony O'Hagan},
 journal = {Biometrika},
 number = {4},
 pages = {769--784},
 publisher = {[Oxford University Press, Biometrika Trust]},
 volume = {89},
 year = {2002},
 URL = {http://0-www.jstor.org.wam.leeds.ac.uk/stable/4140536}
}




@article{KennedyOHagan2000,
  title={{Predicting the output from a complex computer code when fast approximations are available}},
  author={Kennedy, Marc C and O'Hagan, Anthony},
  journal={Biometrika},
  volume={87},
  number={1},
  pages={1--13},
  year={2000},
  publisher={Oxford University Press}
}

@article{Oakley2004,
  title={{Probabilistic sensitivity analysis of complex models: a Bayesian approach}},
  author={Oakley, Jeremy E and O'Hagan, Anthony},
  journal={Journal of the Royal Statistical Society: Series B (Statistical Methodology)},
  volume={66},
  number={3},
  pages={751--769},
  year={2004},
  publisher={Wiley Online Library}
}


@inproceedings{OHagan1992,
  author = {O'Hagan, Anthony},
  title = {{Some Bayesian Numerical Analysis}},
  booktitle = {Bayesian Statistics 4},
  year = {1992},
  publisher={Oxford University Press},
  pages={345--363}
}

@inproceedings{OHaganKennedyOakley1998,
  author = {A.~O'Hagan and M.C.~Kennedy and J.E.~Oakley},
  title = {{Uncertainty Analysis and other Inference Tools for Complex Computer Codes}},
  booktitle = {Bayesian Statistics 6},
  year = {1998},
  publisher = {Oxford University Press}
}


@article{Haylock1996,
  title = {{On Inference for Outputs of Computationally Expensive Algorithms with Uncertainty on the Inputs}},
  author = {Haylock, RG and O’Hagan, A},
  journal = {Bayesian statistics},
  volume = {5},
  pages = {629--637},
  year = {1996}
}


@book{AS,
Author="Milton Abramowitz and Irene A.~Stegun",
Title="Handbook of {M}athematical {F}unctions with {F}ormulas, {G}raphs, and {M}athematical {T}ables.",
Publisher="Dover Publications",
Address="New York",
Year="1970",
Edition="Ninth"
}



@article{ParisAgreement,
author = {{United~Nations}},
title = {{FCCC/CP/2015/L.9/Rev.1. Adoption of the Paris Agreement}},
year = {2015},
month = {December},
day = {12},
address = {Paris},
url = {https://unfccc.int/resource/docs/2015/cop21/eng/l09r01.pdf}
}


@book{BLS,
title = {{Bayes Linear Statistics: Theory and Methods}},
author = {Michal Goldstein and David Wooff},
publisher = {John Wiley \& Sons},
year = 2007,
series = {Wiley Series in Probability and Statistics},
}

@book{LeeBook2012,
 author = {Lee, Peter M.},
 title = {{Bayesian Statistics: An Introduction}},
 year = {2012},
 isbn = {1118332571, 9781118332573},
 edition = {{Fourth}},
 publisher = {Wiley Publishing},
} 


@book{Diggle2006,
  title={{Model-based Geostatistics}},
  author={Diggle, Peter J and Ribeiro, Paulo J},
  year={2006},
  publisher={Springer},
  series = {Springer Series in Statistics}
}


@article{RougierGoldstein2014,
author = {Rougier, Jonathan and Goldstein, Michael},
title = {{Climate Simulators and Climate Projections}},
journal = {Annual Review of Statistics and Its Application},
volume = {1},
number = {1},
pages = {103-123},
year = {2014},
doi = {10.1146/annurev-statistics-022513-115652}
}

@article{RougierGoldstein2001,
  title={{A Bayesian analysis of fluid flow in pipe-lines}},
  author={Rougier, Jonathan and Goldstein, Michael},
  journal={Journal of the Royal Statistical Society: Series C (Applied Statistics)},
  volume={50},
  number={1},
  pages={77--93},
  year={2001},
  publisher={Wiley Online Library}
}


@article{NASA_Ocean2005,
  title={{NASA Supercomputer Improves Prospects for Ocean Climate Research}},
  author={Menemenlis, D and Hill, C and Adcrocft, A and Campin, J-M and Cheng, B and Ciotti, B and Fukumori, I and Heimbach, P and Henze, C and K{\"o}hl, A and others},
  journal={Eos, Transactions American Geophysical Union},
  volume={86},
  number={9},
  pages={89--96},
  year={2005},
  publisher={Wiley Online Library}
}



